@article{greenwade93,
    author  = "David Salmon",
    title   = "The {C}omprehensive {T}ex {A}rchive {N}etwork ({CTAN})",
    year    = "1993",
    journal = "TUGBoat",
    volume  = "14",
    number  = "3",
    pages   = "342--351"
}

@misc{pca,
  author        = {Kim, Tae-Kyun},
  title         = {Face Recognition by Eigenfaces - Principal Component Analysis},
  month         = {October},
  year          = {2016},
  publisher		= {Imperial College London, Electrical and Electronic Engineering Department}
}

@misc{discriminant,
  author        = {Kim, Tae-Kyun},
  title         = {Discriminant Analysis - Fisher Linear Discriminant & Multiple Discriminant Analysis},
  month         = {November},
  year          = {2016},
  publisher		= {Imperial College London, Electrical and Electronic Engineering Department}
}

@misc{svm,
  author        = {Kim, Tae-Kyun},
  title         = {Categorisation by Support Vector Machine},
  month         = {November},
  year          = {2016},
  publisher		={Imperial College London, Electrical and Electronic Engineering Department}
}

@misc{multiple,
  author        = {Kim, Tae-Kyun},
  title         = {Multiple Classifiers - Ensemble Learning, Committee Machine},
  month         = {November},
  year          = {2016},
  publisher		= {Imperial College London, Electrical and Electronic Engineering Department}
}

@misc{metrics,
  author        = {Mikolajczyk, Krystian},
  title         = {Pattern Recognition - Distance Metrics},
  month         = {November},
  year          = {2016},
  publisher		= {Imperial College London, Electrical and Electronic Engineering Department}
}

@misc{fitting,
  author        = {Mikolajczyk, Krystian},
  title         = {Pattern Recognition - Model Fitting},
  month         = {November},
  year          = {2016},
  publisher		= {Imperial College London, Electrical and Electronic Engineering Department}
}

@misc{nn,
  author        = {Mikolajczyk, Krystian},
  title         = {Pattern Recognition - Neural Networks},
  month         = {November},
  year          = {2016},
  publisher		= {Imperial College London, Electrical and Electronic Engineering Department}
}

@article{infrared,
  author  = {Q. K. Dang and Y. S. Suh},
  title   = "Human-following robot using infrared camera",
  journal = "11th International Conference on Control, Automation, and Systems (ICCAS)",
  year    = "2011",
  month   = "Oct",
}

@misc{ros,
	author	= "ROS.org",
    title	= "ROS Concepts",
	note    = "Retrieved from \url{http://wiki.ros.org/ROS/Concepts} on 17 Nov 2016"
}